@article {pdt-theory-to-application,
	editor = {International Institute of Anticancer Research},
	title = {Photodynamic Therapy. From Theory to Application},
	volume = {35},
	number = {2},
	pages = {1223--1223},
	year = {2015},
	publisher = {International Institute of Anticancer Research},
	issn = {0250-7005},
	URL = {https://ar.iiarjournals.org/content/35/2/1223.4},
	eprint = {https://ar.iiarjournals.org/content/35/2/1223.4.full.pdf},
	journal = {Anticancer Research}
}

@BOOK{pdt-Lu2009581,
	author = {Lu, Zheng Rong and Vaidya, Anagha},
	title = {Image-guided photodynamic cancer therapy},
	year = {2009},
	journal = {Pharmaceutical Perspectives of Cancer Therapeutics},
	pages = {581 â€“ 599},
	doi = {10.1007/978-1-4419-0131-6_18},
	url = {https://www.scopus.com/inward/record.uri?eid=2-s2.0-84900138684&doi=10.1007%2f978-1-4419-0131-6_18&partnerID=40&md5=c241713d103468541b36903e0a37a826},
	type = {Book chapter},
	publication_stage = {Final},
	source = {Scopus},
	
}

